@inproceedings{Dang:2016:QAW:2910896.2910917,
 author = {Dang, Quang Vinh and Ignat, Claudia-Lavinia},
 title = {Quality Assessment of Wikipedia Articles Without Feature Engineering},
 booktitle = {Proceedings of the 16th ACM/IEEE-CS on Joint Conference on Digital Libraries},
 year = {2016},
}

@inproceedings{Lange:2019:PTF:3308560.3315000,
 author = {Lange, Lukas and Alonso, Omar and Str\"{o}tgen, Jannik},
 title = {The Power of Temporal Features for Classifying News Articles},
 booktitle = {Companion Proceedings of the 2019 World Wide Web Conference},
 year = {2019},
} 

@article{devlin2018bert,
  title={BERT: Pre-training of Deep Bidirectional Transformers for Language Understanding},
  author={Devlin, Jacob and Chang, Ming-Wei and Lee, Kenton and Toutanova, Kristina},
  journal={arXiv preprint arXiv:1810.04805},
  year={2018}
}

@inproceedings{howard2018universal,
  author = {Howard, Jeremy and Ruder, Sebastian},
  booktitle = {Proceedings of the 2019 ACL Conference},
  title = {Universal Language Model Fine-tuning for Text Classification},
  year = {2018}
}

@inproceedings{schlor2019,
  author = {Schlör, Daniel and Hotho, Andreas and Schöch, Christof},
  booktitle = {Proceedings of the 2019 Digital Humanities Conference},
  title = {Classification of Text-Types in German Novels},
  year = {2019}
}

@InProceedings{Schabus2017,
  Author    = {Dietmar Schabus and Marcin Skowron and Martin Trapp},
  Title     = {One Million Posts: A Data Set of German Online Discussions},
  Booktitle = {Proceedings of the 40th International ACM SIGIR Conference on Research and Development in Information Retrieval (SIGIR)},
  Year      = {2017},
}


 
@article{DBLP:journals/corr/abs-1906-08237,
  author    = {Zhilin Yang and
               Zihang Dai and
               Yiming Yang and
               Jaime G. Carbonell and
               Ruslan Salakhutdinov and
               Quoc V. Le},
  title     = {XLNet: Generalized Autoregressive Pretraining for Language Understanding},
  journal   = {CoRR},
  year      = {2019},
}

@article{hochreiter1997long,
  author = {Hochreiter, Sepp and Schmidhuber, J{\"u}rgen},
  journal = {Neural computation},
  title = {Long Short-Term Memory},
  year = {1997}
}

@article{DBLP:journals/corr/ChoMGBSB14,
  author    = {Kyunghyun Cho and
               Bart van Merrienboer and
               {\c{C}}aglar G{\"{u}}l{\c{c}}ehre and
               Fethi Bougares and
               Holger Schwenk and
               Yoshua Bengio},
  title     = {Learning Phrase Representations using {RNN} Encoder-Decoder for Statistical
               Machine Translation},
  journal   = {CoRR},
  year      = {2014},
}

 @inproceedings{Hindle:1991:SAL:981344.981374,
 author = {Hindle, Donald and Rooth, Mats},
 title = {Structural Ambiguity and Lexical Relations},
 booktitle = {Proceedings of the 29th Annual Meeting on Association for Computational Linguistics},
 year = {1991},
} 

@book{book,
  author    = {George Kingsley Zipf}, 
  title     = {The Psycho-Biology of Language},
  publisher = {Mifflin},
  year      = {1935},
  address   = {Boston}
}

@book{book,
  author    = {Yoav Goldberg}, 
  title     = {Neural Network Methods in Natural Language Processing},
  publisher = {Morgan & Claypool},
  year      = {2017},
  address   = {Williston}
}

@misc{WinNT,
  title = {Document Embeddings with Flair},
  year = {2019},
  author = {Alan Akbik},
  howpublished = {\url{https://github.com/zalandoresearch/flair/blob/master/resources/docs/TUTORIAL_5_DOCUMENT_EMBEDDINGS.md}},
  note = {Zuletzt zugegriffen am 22.09.2019}
}

@book{book,
  author    = {David W. Hosmer and Stanley Lemeshow and Rodney X. Sturdivant}, 
  title     = {Applied Logistic Regression},
  publisher = {John Wiley & Sons},
  year      = {2013},
  address   = {Hoboken}
}

@inproceedings{Lange:sdasdsadsa2019:PTF:3308560.3315000,
 author = {Rafal Jozefowicz and Wojciech Zaremba and Ilya Sutskever},
 title = {An Empirical Exploration of Recurrent Network Architectures},
 booktitle = {Proceedings of the 32nd International Conference on Machine Learning},
 year = {2015},
} 

@book{book,
  author    = {Bernhard Schölkopf and Alex Smola}, 
  title     = {Learning with Kernels: Support Vector Machines, Regularization, Optimization, and Beyond},
  publisher = {MIT Press},
  year      = {2002},
  address   = {Cambridge}
}

@book{book,
  author    = {Vladimir Vapnik},
  title     = {Statistical Learning Theory},
  publisher = {John Wiley & Sons},
  year      = {1998},
  address   = {Hoboken}
}

@inproceedings{laffertyCrf,
  author = {Lafferty, John D. and McCallum, Andrew and Pereira, Fernando C. N.},
  booktitle = {Proceedings of the 18th International Conference on Machine Learning},
  title = {Conditional Random Fields: Probabilistic Models for Segmenting and Labeling Sequence Data},
  year = 2001
}

@Book{Winograd1971,
  author =    {Terry Winograd},
  title =     {Procedures as a Representation of Data in a Computer Program for Understanding Natural Language},
  publisher = {MIT Press},
  year =      {1971},
  address   = {Cambridge}
}

@misc{peters2018contextualized,
  author = {Peters, Matthew E. and Neumann, Mark and Iyyer, Mohit and Gardner, Matt and Clark, Christopher and Lee, Kenton and Zettlemoyer, Luke},
  title = {Deep Contextualized Word Representations},
  booktitle = {Proceedings of the 2018 Conference of the North American Chapter of the Association for Computational Linguistics},
  year = 2018
}

